<?xml version="1.0" encoding="UTF-8"?><collection xmlns="http://www.loc.gov/MARC21/slim"><record><leader>00406nam--2200157-i-4500</leader><controlfield tag="001">000046777</controlfield><controlfield tag="002">20161230</controlfield><controlfield tag="005">20170113010312</controlfield><controlfield tag="008">060222s1000------------r-----000-0-eng-d</controlfield><datafield ind1=" " ind2=" " tag="100"><subfield code="a">Vogt, H</subfield></datafield><datafield ind1=" " ind2=" " tag="245"><subfield code="a">Elements de math. Superieures. Cours de math. Generales</subfield></datafield><datafield ind1=" " ind2=" " tag="250"><subfield code="a">troisieme edition</subfield></datafield><datafield ind1=" " ind2=" " tag="260"><subfield code="a">Paris</subfield><subfield code="b">Librarie Vuibert</subfield><subfield code="c">1930</subfield></datafield><datafield ind1=" " ind2=" " tag="300"><subfield code="a">816 p</subfield></datafield><datafield ind1=" " ind2=" " tag="852"><subfield code="a">9113</subfield></datafield><datafield ind1=" " ind2=" " tag="CAT"><subfield code="a">SYS</subfield><subfield code="c">20170113</subfield><subfield code="h">010312</subfield></datafield></record></collection>